<?xml version="1.0" encoding="UTF-8"?><collection xmlns="http://www.loc.gov/MARC21/slim"><record><leader>00478nam--2200133-i-4500</leader><controlfield tag="001">000026354</controlfield><controlfield tag="002">20161230</controlfield><controlfield tag="005">20161230201036</controlfield><controlfield tag="008">060222s1000------------r-----000-0-eng-d</controlfield><datafield ind1=" " ind2=" " tag="100"><subfield code="a">Kastner, Siegfried</subfield></datafield><datafield ind1=" " ind2=" " tag="245"><subfield code="a">Vektoren, tensoren, spinoren. eine einfuhrung in den tensorkalkul under berucksichtingung der physikalischen anwendung. 2-te verbesserte auflage</subfield></datafield><datafield ind1=" " ind2=" " tag="260"><subfield code="a">Berlin, Akademie-verlag, 1964, Ix + 316p</subfield></datafield><datafield ind1=" " ind2=" " tag="852"><subfield code="a">22619</subfield><subfield code="c">512.94:512.972</subfield></datafield><datafield ind1=" " ind2=" " tag="CAT"><subfield code="a">Sys</subfield><subfield code="c">20080526</subfield><subfield code="h">111245</subfield></datafield></record></collection>